<collection xmlns="http://www.loc.gov/MARC21/slim">
<record>
  <leader>00979nam0a22002411i 450 </leader>
  <controlfield tag="001">IT\ICCU\CNCE\062785</controlfield>
  <controlfield tag="005">20150317000000.0</controlfield>
  <datafield tag="100" ind1=" " ind2=" ">
    <subfield code="a">20060204f1559        0itac0103    ba</subfield>
  </datafield>
  <datafield tag="101" ind1=" " ind2=" ">
    <subfield code="a">ITA</subfield>
  </datafield>
  <datafield tag="102" ind1=" " ind2=" ">
    <subfield code="a">IT</subfield>
  </datafield>
  <datafield tag="200" ind1="1" ind2=" ">
    <subfield code="a">Lamento di Strascino sopra il male incognito</subfield>
  </datafield>
  <datafield tag="210" ind1=" " ind2=" ">
    <subfield code="a">Venezia</subfield>
    <subfield code="c">Fr. da Leno</subfield>
    <subfield code="d">\non prima del 1559!</subfield>
  </datafield>
  <datafield tag="300" ind1=" " ind2=" ">
    <subfield code="a">Data desunta dall&apos;attivit ̉del tipografo</subfield>
  </datafield>
  <datafield tag="620" ind1=" " ind2=" ">
    <subfield code="a">IT</subfield>
    <subfield code="d">Venezia</subfield>
  </datafield>
  <datafield tag="700" ind1=" " ind2="1">
    <subfield code="a">Campani,</subfield>
    <subfield code="b"></subfield>
    <subfield code="3">IT\ICCU\CNCA\002465</subfield>
  </datafield>
  <datafield tag="712" ind1="0" ind2="0">
    <subfield code="a">Di_Leno, Francesco</subfield>
    <subfield code="3">IT\ICCU\CNCT\002847</subfield>
    <subfield code="4">650</subfield>
  </datafield>
  <datafield tag="790" ind1=" " ind2="0">
    <subfield code="a">Strascino</subfield>
    <subfield code="3">IT\ICCU\CNCA\002466</subfield>
    <subfield code="z"></subfield>
  </datafield>
  <datafield tag="791" ind1="0" ind2="2">
    <subfield code="a">Francesco di Leno</subfield>
    <subfield code="3">IT\ICCU\CNCT\000241</subfield>
    <subfield code="z">Di_Leno, Francesco</subfield>
  </datafield>
  <datafield tag="791" ind1="0" ind2="0">
    <subfield code="a">Leno, Francesco de</subfield>
    <subfield code="3">IT\ICCU\CNCT\002848</subfield>
    <subfield code="z">Di_Leno, Francesco</subfield>
  </datafield>
  <datafield tag="791" ind1="0" ind2="0">
    <subfield code="a">Leniis, Franciscus de</subfield>
    <subfield code="3">IT\ICCU\CNCT\004698</subfield>
    <subfield code="z">Di_Leno, Francesco</subfield>
  </datafield>
  <datafield tag="791" ind1="0" ind2="0">
    <subfield code="a">Lenus, Franciscus</subfield>
    <subfield code="3">IT\ICCU\CNCT\004699</subfield>
    <subfield code="z">Di_Leno, Francesco</subfield>
  </datafield>
  <datafield tag="791" ind1="0" ind2="0">
    <subfield code="a">Aleni, Francesco</subfield>
    <subfield code="3">IT\ICCU\CNCT\006388</subfield>
    <subfield code="z">Di_Leno, Francesco</subfield>
  </datafield>
  <datafield tag="801" ind1=" " ind2="3">
    <subfield code="a">IT</subfield>
    <subfield code="b">ICCU</subfield>
    <subfield code="c">20201115</subfield>
  </datafield>
</record>
</collection>
